<?xml version="1.0" encoding="utf-8"?>
<record xmlns="http://www.loc.gov/MARC21/slim" xmlns:xsi="http://www.w3.org/2001/XMLSchema-instance" xsi:schemaLocation="http://www.loc.gov/MARC21/slim http://www.loc.gov/standards/marcxml/schema/MARC21slim.xsd">
	<leader>     nam a22     Mi 4500</leader>
	<controlfield tag="001">b12489591</controlfield>
	<controlfield tag="003">LeBAU</controlfield>
	<controlfield tag="006">m        d        </controlfield>
	<controlfield tag="007">cr cn |||m|||a</controlfield>
	<controlfield tag="008">191218s1924    ua a    o     ||0 0 ara d</controlfield>
	<datafield ind1=" " ind2=" " tag="040">
		<subfield code="a">ZYU</subfield>
		<subfield code="b">ara</subfield>
		<subfield code="e">rda</subfield>
		<subfield code="c">ZYU</subfield>
	</datafield>
	<datafield ind1="0" ind2="4" tag="082">
		<subfield code="a">602</subfield>
		<subfield code="2">20</subfield>
	</datafield>
	<datafield ind1="1" ind2=" " tag="100">
		<subfield code="6">880-01</subfield>
		<subfield code="a">ʻAwn, Jirjis Ṭannūs,</subfield>
		<subfield code="d">active 19th century,</subfield>
		<subfield code="e">author.</subfield>
	</datafield>
	<datafield ind1="1" ind2="0" tag="245">
		<subfield code="6">880-02</subfield>
		<subfield code="a">Kitāb al-Durr al-maknūn fī al-ṣanāʼiʻ wa-al-funūn /</subfield>
		<subfield code="c">ta’līf al-muʻallim al-māhir al-ḥādhiq al-khawājah Jirjis Ṭannūs ʻAwn al-Lubnānī.</subfield>
	</datafield>
	<datafield ind1="3" ind2="0" tag="246">
		<subfield code="6">880-03</subfield>
		<subfield code="a">Durr al-maknūn fī al-ṣanāʼiʻ wa-al-funūn</subfield>
	</datafield>
	<datafield ind1=" " ind2=" " tag="250">
		<subfield code="6">880-04</subfield>
		<subfield code="a">al-Ṭabʻah al-thālithah.</subfield>
	</datafield>
	<datafield ind1=" " ind2="1" tag="264">
		<subfield code="6">880-05</subfield>
		<subfield code="a">Miṣr :</subfield>
		<subfield code="b">Maṭbaʻat Amīn Hindīyah,</subfield>
		<subfield code="c">1342 H. = 1924 M.</subfield>
	</datafield>
	<datafield ind1=" " ind2=" " tag="300">
		<subfield code="6">880-06</subfield>
		<subfield code="a">online resource (326 pages) :</subfield>
		<subfield code="b">illustrations</subfield>
	</datafield>
	<datafield ind1=" " ind2=" " tag="336">
		<subfield code="a">text</subfield>
		<subfield code="2">rdacontent</subfield>
	</datafield>
	<datafield ind1=" " ind2=" " tag="337">
		<subfield code="a">computer</subfield>
		<subfield code="2">rdamedia</subfield>
	</datafield>
	<datafield ind1=" " ind2=" " tag="338">
		<subfield code="a">online resource</subfield>
		<subfield code="2">rdacarrier</subfield>
	</datafield>
	<datafield ind1=" " ind2=" " tag="500">
		<subfield code="a">&quot;وقد نقلت هذه النسخة من نسخة مطبوعة في مطبعة الجوائب، طبعة ثانية برخصة نظارة المعارف بالآستانة، تاريخ الرخصة 15 ربيع الآخر سنة 1301 وعددها 938.&quot;</subfield>
	</datafield>
	<datafield ind1=" " ind2=" " tag="500">
		<subfield code="a">Part of the Arabic Collections Online (ACO) project, contributed by American University of Beirut's Jafet Memorial Library.</subfield>
	</datafield>
	<datafield ind1=" " ind2=" " tag="533">
		<subfield code="a">Electronic reproduction.</subfield>
		<subfield code="b">New York, N.Y. :</subfield>
		<subfield code="c">New York University,</subfield>
		<subfield code="d">2019.</subfield>
		<subfield code="5">NNU</subfield>
	</datafield>
	<datafield ind1=" " ind2="4" tag="650">
		<subfield code="a">الحرف اليدوية</subfield>
		<subfield code="x">تاريخ.</subfield>
	</datafield>
	<datafield ind1=" " ind2="4" tag="650">
		<subfield code="a">الفنون الصناعية</subfield>
		<subfield code="x">تاريخ.</subfield>
	</datafield>
	<datafield ind1=" " ind2="0" tag="650">
		<subfield code="a">Handicraft</subfield>
		<subfield code="x">History.</subfield>
	</datafield>
	<datafield ind1=" " ind2="0" tag="650">
		<subfield code="a">Industrial arts</subfield>
		<subfield code="x">History.</subfield>
	</datafield>
	<datafield ind1="2" ind2=" " tag="710">
		<subfield code="a">Jafet Memorial Library.</subfield>
	</datafield>
	<datafield ind1="0" ind2=" " tag="730">
		<subfield code="a">Arabic Collections Online.</subfield>
	</datafield>
	<datafield ind1="0" ind2="8" tag="775">
		<subfield code="6">880-07</subfield>
		<subfield code="i">has designation of edition</subfield>
		<subfield code="4">http://rdaregistry.info/Elements/m/P30133 :</subfield>
		<subfield code="t">Kitāb al-Durr al-maknūn fī al-ṣanāʼiʻ wa-al-funūn.</subfield>
		<subfield code="b">al-Ṭabʻah al-khāmisah.</subfield>
		<subfield code="d">Bayrūt : Dār al-Andalus lil-Ṭibāʻah wa-al-Nashr, [between 1960 and 1999?]</subfield>
		<subfield code="w">b18270979</subfield>
	</datafield>
	<datafield ind1="0" ind2="8" tag="776">
		<subfield code="i">Print version:</subfield>
		<subfield code="a">ʻAwn, Jirjis Ṭannūs, active 19th century, author.</subfield>
		<subfield code="t">Kitāb al-Durr al-maknūn fī al-ṣanāʼiʻ wa-al-funūn</subfield>
		<subfield code="w">(LeBAU)b12489591</subfield>
	</datafield>
	<datafield ind1="4" ind2="0" tag="856">
		<subfield code="u">http://hdl.handle.net/2333.1/pg4f514w</subfield>
	</datafield>
	<datafield ind1="1" ind2=" " tag="880">
		<subfield code="6">100-01</subfield>
		<subfield code="a">عون، جرجس طنوس،</subfield>
		<subfield code="d">اشتهر في القرن 19،</subfield>
		<subfield code="e">مؤلف. </subfield>
		<subfield code="4">aut.</subfield>
	</datafield>
	<datafield ind1="1" ind2="0" tag="880">
		<subfield code="6">245-02</subfield>
		<subfield code="a">كتاب الدر المكنون في الصنائع والفنون /</subfield>
		<subfield code="c">تأليف المعلم الماهر الحاذق الخواجه جرجس طنوس عون اللبناني.</subfield>
	</datafield>
	<datafield ind1="3" ind2="0" tag="880">
		<subfield code="6">246-03</subfield>
		<subfield code="a">الدر المكنون في الصنائع والفنون</subfield>
	</datafield>
	<datafield ind1=" " ind2=" " tag="880">
		<subfield code="6">250-04</subfield>
		<subfield code="a">الطبعة الثالثة.</subfield>
	</datafield>
	<datafield ind1=" " ind2="1" tag="880">
		<subfield code="6">264-05</subfield>
		<subfield code="a">مصر :</subfield>
		<subfield code="b">مطبعة أمين هندية،</subfield>
		<subfield code="c">1342 هـ. = 1924 م.</subfield>
	</datafield>
	<datafield ind1=" " ind2=" " tag="880">
		<subfield code="6">300-06</subfield>
		<subfield code="a">326 صفحة :</subfield>
		<subfield code="b">مصورات ؛</subfield>
		<subfield code="c">24 سم</subfield>
	</datafield>
	<datafield ind1="0" ind2=" " tag="880">
		<subfield code="6">775-07</subfield>
		<subfield code="i">دلالة على الطبعة</subfield>
		<subfield code="4">http://rdaregistry.info/Elements/m/P30133 :</subfield>
		<subfield code="t">كتاب الدر المكنون في الصنائع والفنون.</subfield>
		<subfield code="b">الطبعة الخامسة.</subfield>
		<subfield code="d">بيروت : دار الاندلس للطباعة والنشر، [ما بين 1960 و 1999؟]</subfield>
		<subfield code="w">b18270979</subfield>
	</datafield>
	<datafield ind1=" " ind2=" " tag="959">
		<subfield code="a">NNU</subfield>
		<subfield code="b">WEB</subfield>
		<subfield code="c">GENI</subfield>
		<subfield code="t">0</subfield>
		<subfield code="m">Electronic access</subfield>
		<subfield code="s">01</subfield>
	</datafield>
	<datafield ind1=" " ind2=" " tag="999">
		<subfield code="i">LeBAU_b12489591</subfield>
		<subfield code="s">aub_aco002787</subfield>
		<subfield code="e">(ERROR-MISC)</subfield>
	</datafield>
</record>
